<?xml version="1.0" encoding="UTF-8"?><collection xmlns="http://www.loc.gov/MARC21/slim"><record><leader>00588nam--2200193-i-4500</leader><controlfield tag="001">000013269</controlfield><controlfield tag="002">20161230</controlfield><controlfield tag="005">20161230201030</controlfield><controlfield tag="008">060222s1000------------r-----000-0-eng-d</controlfield><datafield ind1=" " ind2=" " tag="020"><subfield code="a">0444853146</subfield></datafield><datafield ind1=" " ind2=" " tag="040"><subfield code="a">IFIN-HH</subfield></datafield><datafield ind1=" " ind2=" " tag="080"><subfield code="a">538.95</subfield></datafield><datafield ind1="1" ind2=" " tag="100"><subfield code="a">Horton, G.K</subfield></datafield><datafield ind1="1" ind2="0" tag="245"><subfield code="a">Dynamical properties of solids</subfield><subfield code="b">Volume 3: metals, superconductors, magnetic materials, liquids</subfield><subfield code="c">G.k. horton, a.a. maradudin (eds.)</subfield></datafield><datafield ind1=" " ind2=" " tag="260"><subfield code="a">Amsterdam</subfield><subfield code="b">North-holland Publishing Company</subfield><subfield code="c">1980</subfield></datafield><datafield ind1=" " ind2=" " tag="300"><subfield code="a">VIII+333P</subfield></datafield><datafield ind1="1" ind2=" " tag="700"><subfield code="a">Maradudin, A.A</subfield></datafield><datafield ind1=" " ind2=" " tag="852"><subfield code="a">42544</subfield><subfield code="c">539.2</subfield></datafield><datafield ind1=" " ind2=" " tag="CAT"><subfield code="a">Sys</subfield><subfield code="c">20121024</subfield><subfield code="h">165237</subfield></datafield></record></collection>